<?xml version="1.0" encoding="UTF-8"?>
<record xmlns="http://www.loc.gov/MARC21/slim">
   <leader>02047cam a2200517 a 4500</leader>
   <controlfield tag="001">6502932</controlfield>
   <controlfield tag="006">m        d        </controlfield>
   <controlfield tag="007">cr |n|||||||||</controlfield>
   <controlfield tag="008">830127s1980    abca    ob   s    0 eng d</controlfield>
   <datafield tag="010" ind1=" " ind2=" ">
      <subfield code="a">   81190574 //r83</subfield>
   </datafield>
   <datafield tag="015" ind1=" " ind2=" ">
      <subfield code="a">C***</subfield>
   </datafield>
   <datafield tag="035" ind1=" " ind2=" ">
      <subfield code="a">ocn871699257</subfield>
   </datafield>
   <datafield tag="039" ind1=" " ind2=" ">
      <subfield code="a">exclude</subfield>
   </datafield>
   <datafield tag="040" ind1=" " ind2=" ">
      <subfield code="a">DLC</subfield>
      <subfield code="b">eng</subfield>
      <subfield code="c">DLC</subfield>
      <subfield code="d">AEU</subfield>
   </datafield>
   <datafield tag="043" ind1=" " ind2=" ">
      <subfield code="a">n-cn-ab</subfield>
   </datafield>
   <datafield tag="050" ind1=" " ind2="4">
      <subfield code="a">TD 171.5 C2</subfield>
      <subfield code="b">A33 no.0114</subfield>
   </datafield>
   <datafield tag="050" ind1="0" ind2="0">
      <subfield code="a">SH224.A3</subfield>
      <subfield code="b">S44 1980</subfield>
   </datafield>
   <datafield tag="082" ind1="0" ind2=" ">
      <subfield code="a">333.95/611/0971232</subfield>
      <subfield code="2">19</subfield>
   </datafield>
   <datafield tag="090" ind1=" " ind2=" ">
      <subfield code="a">Internet Access</subfield>
      <subfield code="b">AEU</subfield>
   </datafield>
   <datafield tag="100" ind1="1" ind2=" ">
      <subfield code="a">Sekerak, A. D.</subfield>
      <subfield code="q">(Aaron Daniel)</subfield>
   </datafield>
   <datafield tag="240" ind1="1" ind2="0">
      <subfield code="a">Aquatic biophysical inventory of major tributaries in the AOSERP study area</subfield>
   </datafield>
   <datafield tag="245" ind1="1" ind2="0">
      <subfield code="a">Aquatic biophysical inventory of major tributaries in the AOSERP study area [electronic resource]</subfield>
      <subfield code="h">[electronic resource] /</subfield>
      <subfield code="c">by Aaron D. Sekerak, Gordon L. Walder for Alberta Oil Sands Environmental Research Program.</subfield>
   </datafield>
   <datafield tag="260" ind1=" " ind2=" ">
      <subfield code="a">Edmonton, Alta. :</subfield>
      <subfield code="b">Alberta Environment,</subfield>
      <subfield code="c">1980.</subfield>
   </datafield>
   <datafield tag="300" ind1=" " ind2=" ">
      <subfield code="a">1 online resource.</subfield>
   </datafield>
   <datafield tag="336" ind1=" " ind2=" ">
      <subfield code="a">text</subfield>
      <subfield code="b">txt</subfield>
      <subfield code="2">rdacontent</subfield>
   </datafield>
   <datafield tag="337" ind1=" " ind2=" ">
      <subfield code="a">computer</subfield>
      <subfield code="b">c</subfield>
      <subfield code="2">rdamedia</subfield>
   </datafield>
   <datafield tag="338" ind1=" " ind2=" ">
      <subfield code="a">online resource</subfield>
      <subfield code="b">cr</subfield>
      <subfield code="2">rdacarrier</subfield>
   </datafield>
   <datafield tag="490" ind1="1" ind2=" ">
      <subfield code="a">AOSERP report ;</subfield>
      <subfield code="v">114</subfield>
   </datafield>
   <datafield tag="504" ind1=" " ind2=" ">
      <subfield code="a">Bibliography: p. 80-99.</subfield>
   </datafield>
   <datafield tag="505" ind1="0" ind2=" ">
      <subfield code="a">v. 1. Summary report -- v. 2. Atlas.</subfield>
   </datafield>
   <datafield tag="533" ind1=" " ind2=" ">
      <subfield code="a">Electronic reproduction.</subfield>
      <subfield code="b">Edmonton, Alta.,</subfield>
      <subfield code="d">2011.</subfield>
   </datafield>
   <datafield tag="596" ind1=" " ind2=" ">
      <subfield code="a">13 44 57</subfield>
   </datafield>
   <datafield tag="650" ind1=" " ind2="0">
      <subfield code="a">Environmental monitoring</subfield>
      <subfield code="z">Alberta</subfield>
      <subfield code="z">Athabasca Oil Sands Region.</subfield>
   </datafield>
   <datafield tag="650" ind1=" " ind2="0">
      <subfield code="a">Fishery resources</subfield>
      <subfield code="z">Alberta</subfield>
      <subfield code="z">Athabasca Oil Sands Region.</subfield>
   </datafield>
   <datafield tag="650" ind1=" " ind2="0">
      <subfield code="a">Freshwater fishes</subfield>
      <subfield code="z">Alberta</subfield>
      <subfield code="z">Athabasca Oil Sands Region.</subfield>
   </datafield>
   <datafield tag="651" ind1=" " ind2="0">
      <subfield code="a">Athabasca Oil Sands Region (Alta.)</subfield>
   </datafield>
   <datafield tag="700" ind1="1" ind2=" ">
      <subfield code="a">Walder, Gordon L.</subfield>
   </datafield>
   <datafield tag="710" ind1="2" ind2=" ">
      <subfield code="a">Alberta Oil Sands Environmental Research Program.</subfield>
   </datafield>
   <datafield tag="830" ind1=" " ind2="0">
      <subfield code="a">AOSERP report ;</subfield>
      <subfield code="v">114.</subfield>
   </datafield>
   <datafield tag="856" ind1="4" ind2="0">
      <subfield code="3">Free Access: v. 1</subfield>
      <subfield code="u">http://hdl.handle.net/10402/era.23191</subfield>
   </datafield>
   <datafield tag="856" ind1="4" ind2="0">
      <subfield code="3">Free Access: v. 2</subfield>
      <subfield code="u">http://hdl.handle.net/10402/era.23626</subfield>
   </datafield>
   <datafield tag="949" ind1=" " ind2=" ">
      <subfield code="h">UAIN</subfield>
      <subfield code="m">NEOS_FREE</subfield>
      <subfield code="z">OSRIN</subfield>
   </datafield>
   <datafield tag="949" ind1=" " ind2=" ">
      <subfield code="h">UAIN</subfield>
      <subfield code="m">GR_MAC_INT</subfield>
      <subfield code="z">OSRIN</subfield>
   </datafield>
   <datafield tag="949" ind1=" " ind2=" ">
      <subfield code="h">UAIN</subfield>
      <subfield code="z">OSRIN</subfield>
   </datafield>
   <datafield tag="926" ind1=" " ind2=" ">
      <subfield code="a">NEOS_FREE</subfield>
      <subfield code="b">INTERNET</subfield>
      <subfield code="c">Internet Access</subfield>
      <subfield code="d">E-RESOURCE</subfield>
      <subfield code="f">1</subfield>
   </datafield>
   <datafield tag="926" ind1=" " ind2=" ">
      <subfield code="a">UAINTERNET</subfield>
      <subfield code="b">INTERNET</subfield>
      <subfield code="c">Internet Access</subfield>
      <subfield code="d">E-RESOURCE</subfield>
      <subfield code="f">1</subfield>
   </datafield>
   <datafield tag="926" ind1=" " ind2=" ">
      <subfield code="a">GR_MAC_INT</subfield>
      <subfield code="b">INTERNET</subfield>
      <subfield code="c">Internet Access</subfield>
      <subfield code="d">E-RESOURCE</subfield>
      <subfield code="f">1</subfield>
   </datafield>
</record>
